@misc{VMD,
  author       = {University of Illinois at Urbana Champaign},
  title        = {VMD - Visual Molecular Dynamics},
  howpublished = {\url{https://www.ks.uiuc.edu/Research/vmd/}},
  year         = {October 2023},
  note         = {Accessed: 2024-05-27}
}

@misc{NAMD,
  author       = {University of Illinois at Urbana Champaign},
  title        = {NAMD - Scalable Molecular Dynamics},
  howpublished = {\url{https://www.ks.uiuc.edu/Research/namd/}},
  year         = {May 2024},
  note         = {Accessed: 2024-05-27}
}

@misc{CCP5,
  author       = {Computational Collaboration Project No 5},
  title        = {CCP5},
  howpublished = {\url{https://www.ccp5.ac.uk/}},
  year         = {2022},
  note         = {Accessed: 2024-05-27}
}

@misc{DLPOLY,
  author       = {Ilian Todorov},
  title        = {DLPOLY},
  howpublished = {\url{https://www.scd.stfc.ac.uk/Pages/DL_POLY.aspx}},
  year         = {2021},
  note         = {Accessed: 2024-05-27}
}

@misc{XPRA,
  author       = {Antoine Martin},
  title        = {Xpra-org on Github},
  howpublished = {\url{https://github.com/Xpra-org/xpra}},
  year         = {May 2024},
  note         = {Accessed: 2024-05-27}
}




@article{96HuDaSc,
  author={William Humphrey and Andrew Dalke and Klaus Schulten},
  title={{VMD} -- {V}isual {M}olecular {D}ynamics},
  journal={Journal of Molecular Graphics},
  year=1996,
  volume=14,
  pages={33-38},
  note={},
  tbstatus={Published.},
  techrep={},
  tbreference={222}
}

@article{20PhHaMa,
    author = {Phillips, James C. and Hardy, David J. and Maia, Julio D. C. and Stone, John E. and Ribeiro, João V. and Bernardi, Rafael C. and Buch, Ronak and Fiorin, Giacomo and Hénin, Jérôme and Jiang, Wei and McGreevy, Ryan and Melo, Marcelo C. R. and Radak, Brian K. and Skeel, Robert D. and Singharoy, Abhishek and Wang, Yi and Roux, Benoît and Aksimentiev, Aleksei and Luthey-Schulten, Zaida and Kalé, Laxmikant V. and Schulten, Klaus and Chipot, Christophe and Tajkhorshid, Emad},
    title = "{Scalable molecular dynamics on CPU and GPU architectures with NAMD}",
    journal = {The Journal of Chemical Physics},
    volume = {153},
    number = {4},
    pages = {044130},
    year = {2020},
    month = {07},
    issn = {0021-9606},
    doi = {10.1063/5.0014475},
    url = {https://doi.org/10.1063/5.0014475},
}

@mastersthesis{98Stxxxx,
  author = {John Stone},
  title = "{\em An Efficient Library for Parallel Ray Tracing and Animation}",
  school = "Computer Science Department, University of Missouri-Rolla",
  month = "April",
  year = {1998}
}




